<record><leader>00000cas a22000007a 4500</leader><controlfield tag="001">32799756</controlfield><controlfield tag="008">950711d1873188umouwr ne      0    0eng d</controlfield><datafield ind1=" " ind2=" " tag="010"><subfield code="a">sn 95068556 </subfield><subfield code="z">   95068556 </subfield></datafield><datafield ind1=" " ind2=" " tag="040"><subfield code="a">MGN</subfield><subfield code="b">eng</subfield><subfield code="c">MGN</subfield><subfield code="d">DLC</subfield><subfield code="d">OCLCQ</subfield></datafield><datafield ind1=" " ind2=" " tag="042"><subfield code="a">msc</subfield></datafield><datafield ind1="0" ind2="0" tag="245"><subfield code="a">Nevada city ledger.</subfield></datafield><datafield ind1=" " ind2=" " tag="260"><subfield code="a">Nevada, Vernon Co., Mo. :</subfield><subfield code="b">W.W. Moore</subfield></datafield><datafield ind1=" " ind2=" " tag="300"><subfield code="a">v.</subfield></datafield><datafield ind1=" " ind2=" " tag="310"><subfield code="a">Weekly</subfield></datafield><datafield ind1="1" ind2=" " tag="362"><subfield code="a">Began in 1873.</subfield></datafield><datafield ind1=" " ind2=" " tag="500"><subfield code="a">Editor: C.F. Gates, &lt;1875&gt;.</subfield></datafield><datafield ind1=" " ind2=" " tag="588"><subfield code="a">Description based on: Vol. 1, no. 37 (Aug. 6, 1874).</subfield></datafield><datafield ind1=" " ind2=" " tag="752"><subfield code="a">United States</subfield><subfield code="b">Missouri</subfield><subfield code="c">Vernon</subfield><subfield code="d">Nevada.</subfield></datafield></record>